<mx:record xmlns="http://www.w3.org/TR/xhtml1/strict" xmlns:mx="http://www.loc.gov/MARC21/slim" xmlns:xsi="http://www.w3.org/2001/XMLSchema-instance"><mx:leader>00000nz 2200000n 4500</mx:leader><mx:controlfield tag="001">oca05809758 </mx:controlfield><mx:controlfield tag="005">20020713071058.0</mx:controlfield><mx:controlfield tag="008">020712n| acannaabn |a aaa c</mx:controlfield><mx:datafield ind1=" " ind2=" " tag="010"><mx:subfield code="a">no2002062176</mx:subfield></mx:datafield><mx:datafield ind1=" " ind2=" " tag="040"><mx:subfield code="a">LNT</mx:subfield><mx:subfield code="b">eng</mx:subfield><mx:subfield code="c">LNT</mx:subfield></mx:datafield><mx:datafield ind1="0" ind2=" " tag="100"><mx:subfield code="a">Cassius Felix,</mx:subfield><mx:subfield code="d">fl. 447</mx:subfield></mx:datafield><mx:datafield ind1="1" ind2=" " tag="400"><mx:subfield code="a">Felix, Cassius,</mx:subfield><mx:subfield code="d">fl. 447</mx:subfield></mx:datafield><mx:datafield ind1=" " ind2=" " tag="670"><mx:subfield code="a">De la médecine, 2002:</mx:subfield><mx:subfield code="b">t.p. (Cassius Felix) p. vii (from Cirta (renamed Constantina) in
            Numidia?; wrote De medicina in 447) p. viii (African origin; seems to have been a
            practicing medical specialist himself) p. ix (may be the same as an imperial physician
            of Carthage named Felix, 426-427)</mx:subfield></mx:datafield><mx:datafield ind1=" " ind2=" " tag="670"><mx:subfield code="a">OCLC, June 25, 2002</mx:subfield><mx:subfield code="b">(hdgs.: Cassius Felix, fl. 447, Felicus, Cassius; usage: Cassii
            Felicis)</mx:subfield></mx:datafield><mx:datafield ind1=" " ind2=" " tag="670"><mx:subfield code="a">Der neue Pauly, c1996-</mx:subfield><mx:subfield code="b">(Cassius Felix; physician from Cirta; translated Greek-language
            medical writings, wrote or translated De medicina 447 A.D.)</mx:subfield></mx:datafield><mx:datafield ind1=" " ind2=" " tag="675"><mx:subfield code="a">Oxford classical dict., 1996</mx:subfield></mx:datafield><mx:datafield ind1=" " ind2=" " tag="999"><mx:subfield code="a">225.1400</mx:subfield></mx:datafield></mx:record>